
@misc{vc120,
  title = {{VC120 Datenblatt}},
  howpublished = {\url{https://www.libble.de/voltcraft-vc120/p/618393/}},
  note = {Accessed: 22.8.2022}
}

@misc{ABW,
  author       = {Technische Universität München},
  title        = {{Hinweise zur Beurteilung von Messungen,
Messergebnissen und Messunsicherheiten (ABW)}},
howpublished = {\url{https://www.ph.tum.de/academics/org/labs/ap/org/ABW.pdf}},
month        = {März},
  year         = {2021}
}

@misc{magnetic_field,
  title = {{NOAA Calculator}},
  howpublished = {\url{https://www.libble.de/voltcraft-vc120/p/618393/}},
  note = {Accessed: 23.8.2022}
}
