
@misc{vc120,
  title = {{VC120 Datenblatt}},
  howpublished = {\url{https://www.libble.de/voltcraft-vc120/p/618393/}},
  note = {Accessed: 22.8.2022}
}

@misc{ABW,
  author       = {Technische Universität München},
  title        = {{Hinweise zur Beurteilung von Messungen,
Messergebnissen und Messunsicherheiten (ABW)}},
howpublished = {\url{https://www.ph.tum.de/academics/org/labs/ap/org/ABW.pdf}},
month        = {März},
  year         = {2021}
}

@misc{magnetic_field,
  title = {{NOAA Calculator}},
  howpublished = {\url{https://www.libble.de/voltcraft-vc120/p/618393/}},
  note = {Accessed: 23.8.2022}
}


@misc{vc130,
  title = {{VC130 Datenblatt}},
  howpublished = {\url{https://www.moodle.tum.de/pluginfile.php/3773281/mod_resource/content/1/voltcraft-vc130-150-multimeter.pdf}},
  note = {Accessed: 23.8.2022}
}

@misc{ELE,
  title = {{ELE Aufgabenstellung}},
  howpublished = {\url{https://www.ph.tum.de/academics/org/labs/ap/ap2/ELE.pdf}},
  note = {Accessed: 23.8.2022} 
}

@misc{Luft,
  title = {{Luft Rechner}},
  howpublished = {\url{http://www.peacesoftware.de/einigewerte/luft.html}},
  note = {Accessed: 23.8.2022}
}
